@article{ashwin2014formulation,
  title={Formulation of 36-noded piezoelectric spectral finite element scheme with active/passive layers coupled by {Lagrange} multipliers},
  author={Ashwin, U and Raja, S and Sathyanarayana, C N},
  journal={Smart. Mater. Struct.},
  volume={23},
  number={8},
  pages={085017},
  year={2014},
  publisher={IOP Publishing},
	doi={10.1088/0964-1726/23/8/085017},
	url={http://dx.doi.org/10.1088/0964-1726/23/8/085017}
}

@book{brebbia2012boundary,
  title={Boundary element techniques: theory and applications in engineering},
  author={Brebbia, Carlos Alberto and Telles, Jos{\'e} Claudio Faria and Wrobel, Luiz C},
  year={1984},
  publisher={Springer},
	address={Berlin}
}
@article{crawley1987use,
  title={Use of piezoelectric actuators as elements of intelligent structures},
  author={Crawley, Edward F and De Luis, Javier},
  journal={AIAA J.},
  volume={25},
  number={10},
  pages={1373--1385},
  year={1987}
}


@article{delsanto1992connection,
  title={Connection machine simulation of ultrasonic wave propagation in materials. {I}: the one--dimensional case},
  author={Delsanto, PP and Whitcombe, T and Chaskelis, HH and Mignogna, RB},
  journal={Wave Motion},
  volume={16},
  number={1},
  pages={65--80},
  year={1992},
  publisher={Elsevier}
}

@incollection{doyle1989wave,
  title={Wave propagation in structures},
  author={Doyle, James F},
  booktitle={Wave Propagation in Structures},
  pages={126--156},
  year={1989},
  publisher={Springer}
}

@inproceedings{eremin2016analytically,
  title={Analytically based time-reversal technique for damage localization and characterization in laminate composite structures},
  author={Eremin, Artem and Glushkov, Evgeny and Glushkova, Natalia and Lammering, Rolf},
  booktitle={Proceedings of 8th European Workshop On Structural Health Monitoring (EWSHM 2016). Bilbao, Spain},
	pages={},
  year={2016}
}
@article{farhat1998two,
  title={The two-level {FETI} method for static and dynamic plate problems Part I: An optimal iterative solver for biharmonic systems},
  author={Farhat, Charbel and Mandel, Jan},
  journal={Comput. Method Appl. M.},
  volume={155},
  number={1-2},
  pages={129--151},
  year={1998},
  publisher={Elsevier}
}
@article{fink1992time,
  title={Time reversal of ultrasonic fields. I. Basic principles},
  author={Fink, Mathias},
  journal={IEEE T. Utrason. Ferr.},
  volume={39},
  number={5},
  pages={555--566},
  year={1992},
  publisher={IEEE}
}
@book{ferreira2008matlab,
  title={MATLAB codes for finite element analysis: solids and structures},
  author={Ferreira, Ant{\'o}nio JM},
  volume={157},
  year={2008},
  publisher={Springer Science \& Business Media}
}
@article{flemisch2006elasto,
  title={Elasto-acoustic and acoustic-acoustic coupling on non-matching grids},
  author={Flemisch, Bernd and Kaltenbacher, Manfred and Wohlmuth, Barbara I},
  journal={Int. J. Numer. Meth. Eng.},
  volume={67},
  number={13},
  pages={1791--1810},
  year={2006},
  publisher={Wiley Online Library}
}
@misc{giurgiutiumicromechatronics,
  title={Micromechatronics: modeling, analysis, and design with {Matlab}{\textsuperscript{\textregistered}}},
  author={Giurgiutiu, V and Lyshevski, S E},
  year={2009},
	publisher={CRC Press, Boca Raton, Fl}
}

@article{guo1993interaction,
  title={The interaction of {Lamb} waves with delaminations in composite laminates},
  author={Guo, N and Cawley, Peter},
  journal={J. Acoust. Soc. Am.},
  volume={94},
  number={4},
  pages={2240--2246},
  year={1993},
  publisher={ASA}
}

@article{ha2009optimizing,
  title={Optimizing a spectral element for modeling {PZT}-induced Lamb wave propagation in thin plates},
  author={Ha, Sungwon and Chang, Fu-Kuo},
  journal={Smart. Mater. Struct.},
  volume={19},
  number={1},
  pages={015015},
  year={2009},
  publisher={IOP Publishing}
}

@article{ha2010adhesive,
  title={Adhesive interface layer effects in {PZT}-induced Lamb wave propagation},
  author={Ha, Sungwon and Chang, Fu-Kuo},
  journal={Smart. Mater. Struct.},
  volume={19},
  number={2},
  pages={025006},
  year={2010},
  publisher={IOP Publishing}
}

@article{ihn2008pitch,
  title={Pitch-catch active sensing methods in structural health monitoring for aircraft structures},
  author={Ihn, Jeong-Beom and Chang, Fu-Kuo},
  journal={Struct. Health Monit.},
  volume={7},
  number={1},
  pages={5--19},
  year={2008},
  publisher={Sage Publications Sage UK: London, England}
}


@article{islam2014understanding,
  title={Understanding the effects of adhesive layer on the electromechanical impedance ({EMI}) of bonded piezoelectric wafer transducer},
  author={Islam, MM and Huang, H},
  journal={Smart. Mater. Struct.},
  volume={23},
  number={12},
  pages={125037},
  year={2014},
  publisher={IOP Publishing}
}
@article{islam2016effects,
  title={Effects of adhesive thickness on the Lamb wave pitch-catch signal using bonded piezoelectric wafer transducers},
  author={Islam, MM and Huang, H},
  journal={Smart. Mater. Struct.},
  volume={25},
  number={8},
  pages={085014},
  year={2016},
  publisher={IOP Publishing}
}

@article{jollivet2013damage,
  title={Damage of composite materials},
  author={Jollivet, Thomas and Peyrac, Catherine and Lefebvre, Fabien},
  journal={Procedia Engineer.},
  volume={66},
  pages={746--758},
  year={2013},
  publisher={Elsevier}
}
@article{koshiba1984finite,
  title={Finite-element analysis of Lamb wave scattering in an elastic plate waveguide},
  author={Koshiba, Masanori and Karakida, Shoji and Suzuki, Michio},
  journal={IEEE T. Utrason. Ferr.},
  volume={31},
  number={1},
  pages={18--24},
  year={1984},
  publisher={IEEE}
}
@article{kudela2007modelling,
  title={Modelling of wave propagation in composite plates using the time domain spectral element method},
  author={Kudela, Pawe{\l} and {\.Z}ak, Arkadiusz and Krawczuk, Marek and Ostachowicz, Wies{\l}aw},
  journal={J. Sound. Vib.},
  volume={302},
  number={4-5},
  pages={728--745},
  year={2007},
  publisher={Elsevier}
}
@inproceedings{kudela20093d,
  title={{3D} time-domain spectral elements for stress waves modelling},
  author={Kudela, Pawe{\l{}} and Ostachowicz, Wies{\l{}}aw},
  booktitle={J. Phys. Conf. Ser.},
  volume={181},
  pages={012091},
  year={2009},
  organization={IOP Publishing}
}
@article{kudela2008damage,
  title={Damage detection in composite plates with embedded {PZT} transducers},
  author={Kudela, Pawe{\l} and Ostachowicz, Wies{\l}aw and {\.Z}ak, Arkadiusz},
  journal={Mech. Syst. Signal Pr.},
  volume={22},
  number={6},
  pages={1327--1335},
  year={2008},
  publisher={Elsevier}
}

@article{lu2006crack,
  title={Crack identification in aluminium plates using Lamb wave signals of a {PZT} sensor network},
  author={Lu, Ye and Ye, Lin and Su, Zhongqing},
  journal={Smart. Mater. Struct.},
  volume={15},
  number={3},
  pages={839},
  year={2006},
  publisher={IOP Publishing}
}
@article{mangalgiri1999composite,
  title={Composite materials for aerospace applications},
  author={Mangalgiri, P D},
  journal={B. Mater. Sci.},
  volume={22},
  number={3},
  pages={657--664},
  year={1999},
  publisher={Springer}
}
@article{mindlin1951influence,
  title={Influence of rotary inertia and shear on flexural motion of isotropic elastic plates},
  author={Mindlin, R D},
  journal={J. Appl. Mech.},
  volume={18},
  pages={31--38},
  year={1951},
  publisher={ASME}
}


@article{mrazova2013advanced,
  title={Advanced composite materials of the future in aerospace industry},
  author={Mrazova, Maria},
  journal={Incas Bulletin},
  volume={5},
  number={3},
  pages={139},
  year={2013},
  publisher={INCAS-National Institute for Aerospace Research" Elie Carafoli"}
}
@article{ostachowicz2008elastic,
  title={Elastic wave phased array for damage localisation},
  author={Ostachowicz, Wies{\l}aw and Wandowski, Tomasz and Malinowski, Pawe{\l}},
  journal={J. Theor. Appl. Mech.},
  volume={46},
  number={4},
  pages={917--931},
  year={2008}
}
@book{ostachowicz2011guided,
  title={Guided waves in structures for SHM: the time-domain spectral element method},
  author={Ostachowicz, Wieslaw and Kudela, Pawel and Krawczuk, Marek and {\.Z}ak, Arkadiusz},
  year={2011},
  publisher={John Wiley \& Sons}
}
@article{patera1984spectral,
  title={A spectral element method for fluid dynamics: laminar flow in a channel expansion},
  author={Patera, Anthony T},
  journal={J. Comput. Phys.},
  volume={54},
  number={3},
  pages={468--488},
  year={1984},
  publisher={Elsevier}
}
@article{pendhari2008application,
  title={Application of polymer composites in civil construction: A general review},
  author={Pendhari, Sandeep S and Kant, Tarun and Desai, Yogesh M},
  journal={Compos. Struct.},
  volume={84},
  number={2},
  pages={114--124},
  year={2008},
  publisher={Elsevier}
}
@article{raghavan2007guided,
  title={Review of {Guided-wave} {Structural} {Health} {Monitoring}},
  author={Raghavan, Ajay and Cesnik, Carlos E S},
	journal={The Shock and Vibration Digest},
  year={2007}
}
@article{reissner1945effect,
  title={The effect of transverse shear deformation on the bending of elastic plates},
  author={Reissner, E},
  journal={J. Appl. Mech.},
  volume={12},
  pages={68--77},
  year={1945},
  publisher={ASME}
}
@book{sikdar2017structural,
  title={Structural Health Monitoring of Advanced Composites Using Guided Waves: Online Monitoring of Defects/Discontinuities in Advanced Composite Structures Using Ultrasonic Guided Waves and PZTs},
  author={Sikdar, Shirsendu and Banerjee, Sauvik},
  year={2017},
  publisher={LAP LAMBERT Academic Publishing}
}
@book{strikwerda1989finite,
  title={Finite difference schemes and partial differential equations},
  author={Strikwerda, John C},
  address={Belmont},
  year={1989},
  publisher={Wadsworth-Brooks}
}

@article{su2006guided,
  title={Guided Lamb waves for identification of damage in composite structures: A review},
  author={Su, Zhongqing and Ye, Lin and Lu, Ye},
  journal={J. Sound. Vib.},
  volume={295},
  number={3-5},
  pages={753--780},
  year={2006},
  publisher={Elsevier}
}
@article{talbot1975finite,
  title={Finite element analysis of frequency spectra for elastic waveguides},
  author={Talbot, Richard J and Przemieniecki, JS},
  journal={Int. J. Solids Struct.},
  volume={11},
  number={1},
  pages={115--138},
  year={1975},
  publisher={Elsevier}
}
@book{vinson1993behavior,
  title={The behavior of structures composed of composite materials},
  author={Vinson, Jack R and Sierakowski, Robert L},
  year={1993},
  publisher={Kluwer Academic Publishers},
	address={Dordrecht}
}
@inproceedings{wandowski2017guided,
  title={Guided wave attenuation in composite materials},
  author={Wandowski, Tomasz and Kudela, Pawel and Malinowski, Pawel and Ostachowicz, Wies{\l}aw},
  booktitle={Health Monitoring of Structural and Biological Systems 2017},
  volume={10170},
  pages={101701D},
  year={2017},
  organization={International Society for Optics and Photonics}
}
@article{willberg2013increasing,
  title={Increasing the scanning range of Lamb wave based SHM systems by optimizing the actuator--sensor design},
  author={Willberg, Christian and Duczek, Sascha and Gabbert, Ulrich},
  journal={CEAS Aeronautical Journal},
  volume={4},
  number={1},
  pages={87--98},
  year={2013},
  publisher={Springer}
}
\bibitem[Willberg \textit{et al.}(2013)]{bib:Willberg2013}
Willberg C., Duczek S. and Gabbert U. (2013). Increasing the scanning range of Lamb wave based SHM systems by optimizing the actuator--sensor design. CEAS Aeronautical Journal, 4: 87--98.
@article{willberg2015simulation,
  title={Simulation methods for guided wave-based structural health monitoring: a review},
  author={Willberg, Christian and Duczek, Sascha and Vivar-Perez, Juan Miguel and Ahmad, ZAB},
  journal={App. Mech. Rev.},
  volume={67},
  number={1},
  pages={010803},
  year={2015},
  publisher={American Society of Mechanical Engineers}
}
@article{wohlmuth2000mortar,
  title={A mortar finite element method using dual spaces for the {Lagrange} multiplier},
  author={Wohlmuth, Barbara I},
  journal={SIAM J. Numer. Anal.},
  volume={38},
  number={3},
  pages={989--1012},
  year={2000},
  publisher={SIAM}
}